@book{simon2006optimal,
  title={Optimal state estimation: Kalman, H infinity, and nonlinear approaches},
  author={Simon, Dan},
  year={2006},
  publisher={John Wiley \& Sons}
}


@article{valenti2015keeping,
  title={Keeping a good attitude: A quaternion-based orientation filter for IMUs and MARGs},
  author={Valenti, Roberto and Dryanovski, Ivan and Xiao, Jizhong},
  journal={Sensors},
  volume={15},
  number={8},
  pages={19302--19330},
  year={2015},
  publisher={Multidisciplinary Digital Publishing Institute}
}

@article{de_Souza_2006,
	doi = {10.1109/tsp.2006.874349},
	url = {https://doi.org/10.1109%2Ftsp.2006.874349},
	year = 2006,
	month = {jun},
	publisher = {Institute of Electrical and Electronics Engineers ({IEEE})},
	volume = {54},
	number = {6},
	pages = {2110--2118},
	author = {C.E. de Souza and K.A. Barbosa and A.T. Neto},
	title = {Robust /spl Hscr//sub /spl infin// filtering for discrete-time linear systems with uncertain time-varying parameters},
	journal = {{IEEE} Transactions on Signal Processing}
}

@article{foxlin1996inertial,
  title={Inertial head-tracker sensor fusion by a complementary separate-bias Kalman filter},
  author={Foxlin, Eric},
  year={1996}
}

@book{schaub2005analytical,
  title={Analytical mechanics of space systems},
  author={Schaub, Hanspeter and Junkins, John L},
  year={2005},
  publisher={American Institute of Aeronautics and Astronautics}
}

@inproceedings{emura1994sensor,
  title={Sensor fusion based measurement of human head motion},
  author={Emura, Satoru and Tachi, Susumu},
  booktitle={Proceedings of 1994 3rd IEEE International Workshop on Robot and Human Communication},
  pages={124--129},
  year={1994},
  organization={IEEE}
}

@article{allen1993performance,
  title={Performance testing of the systron donner quartz gyro},
  author={Allen, RO and Chang, DH},
  journal={Jpl Engineering Memorandum, EM},
  pages={343--1297},
  year={1993}
}


@book{duan2013lmis,
  title={LMIs in control systems: analysis, design and applications},
  author={Duan, Guang-Ren and Yu, Hai-Hua},
  year={2013},
  publisher={CRC press}
}

@inproceedings{geiger2008mems,
  title={MEMS IMU for ahrs applications},
  author={Geiger, W and Bartholomeyczik, J and Breng, U and Gutmann, W and Hafen, M and Handrich, E and Huber, M and Jackle, A and Kempfer, U and Kopmann, H and others},
  booktitle={2008 IEEE/ION Position, Location and Navigation Symposium},
  pages={225--231},
  year={2008},
  organization={IEEE}
}

@book{zhou1996robust,
  title={Robust and optimal control},
  author={Zhou, Kemin and Doyle, John Comstock and Glover, Keith and others},
  volume={40},
  year={1996},
  publisher={Prentice hall New Jersey}
}





@misc{MPU,
  author = {TDK InvenSense},
  title = {MPU-9250 Product Specification Revision 1.1},
  year = {2016},
  note = {[Accessed: 18-Sep-2019]},
  url = {http://www.invensense.com/wp-content/uploads
  /2015/02/PS-MPU-9250A-01-v1.1.pdf}
}

@misc{MAT,
  author = {MATLAB},
  title = {Sensor Fusion and Tracking Toolbox},
  year = {2018},
  note = {[Accessed: 18-Sep-2019]},
  url = {https://www.mathworks.com/products/sensor-fu
  sion-and-tracking.html}
}

@article{crassidis2007survey,
  title={Survey of nonlinear attitude estimation methods},
  author={Crassidis, John L and Markley, F Landis and Cheng, Yang},
  journal={Journal of guidance, control, and dynamics},
  volume={30},
  number={1},
  pages={12--28},
  year={2007}
}

@article{gebre2004design,
  title={Design of multi-sensor attitude determination systems},
  author={Gebre-Egziabher, Demoz and Hayward, Roger C and Powell, J David},
  journal={IEEE Transactions on aerospace and electronic systems},
  volume={40},
  number={2},
  pages={627--649},
  year={2004},
  publisher={IEEE}
}

@inproceedings{jing2017attitude,
  title={Attitude estimation for UAV using extended Kalman filter},
  author={Jing, Xiaofei and Cui, Jiarui and He, Hongtai and Zhang, Bo and Ding, Dawei and Yang, Yue},
  booktitle={2017 29th Chinese Control And Decision Conference (CCDC)},
  pages={3307--3312},
  year={2017},
  organization={IEEE}
}

@inproceedings{munguia2011attitude,
  title={An attitude and heading reference system (AHRS) based in a dual filter},
  author={Munguia, Rodrigo and Grau, Antoni},
  booktitle={ETFA2011},
  pages={1--8},
  year={2011},
  organization={IEEE}
}

@article{ko2016sine,
  title={Sine rotation vector method for attitude estimation of an underwater robot},
  author={Ko, Nak and Jeong, Seokki and Bae, Youngchul},
  journal={Sensors},
  volume={16},
  number={8},
  pages={1213},
  year={2016},
  publisher={Multidisciplinary Digital Publishing Institute}
}

@article{kada2016uav,
  title={UAV attitude estimation using nonlinear filtering and low-cost mems sensors},
  author={Kada, B and Munawar, K and Shaikh, MS and Hussaini, MA and Al-Saggaf, UM},
  journal={IFAC-PapersOnLine},
  volume={49},
  number={21},
  pages={521--528},
  year={2016},
  publisher={Elsevier}
}

@article{luinge2005measuring,
  title={Measuring orientation of human body segments using miniature gyroscopes and accelerometers},
  author={Luinge, Henk J and Veltink, Peter H},
  journal={Medical and Biological Engineering and computing},
  volume={43},
  number={2},
  pages={273--282},
  year={2005},
  publisher={Springer}
}

@article{frosio2008autocalibration,
  title={Autocalibration of MEMS accelerometers},
  author={Frosio, Iuri and Pedersini, Federico and Borghese, N Alberto},
  journal={IEEE Transactions on Instrumentation and Measurement},
  volume={58},
  number={6},
  pages={2034--2041},
  year={2008},
  publisher={IEEE}
}

@article{fan2018magnetic,
  title={How magnetic disturbance influences the attitude and heading in magnetic and inertial sensor-based orientation estimation},
  author={Fan, Bingfei and Li, Qingguo and Liu, Tao},
  journal={Sensors},
  volume={18},
  number={1},
  pages={76},
  year={2018},
  publisher={Multidisciplinary Digital Publishing Institute}
}
@article{chang2008integrated,
  title={An integrated MEMS gyroscope array with higher accuracy output},
  author={Chang, Honglong and Xue, Liang and Qin, Wei and Yuan, Guangmin and Yuan, Weizheng},
  journal={Sensors},
  volume={8},
  number={4},
  pages={2886--2899},
  year={2008},
  publisher={Molecular Diversity Preservation International}
}

@article{han2011novel,
  title={A novel method to integrate IMU and magnetometers in attitude and heading reference systems},
  author={Han, Songlai and Wang, Jinling},
  journal={The Journal of Navigation},
  volume={64},
  number={4},
  pages={727--738},
  year={2011},
  publisher={Cambridge University Press}
}

@article{weibel2015small,
  title={Small unmanned aerial system attitude estimation for flight in wind},
  author={Weibel, Douglas and Lawrence, Dale and Palo, Scott},
  journal={Journal of Guidance, Control, and Dynamics},
  volume={38},
  number={7},
  pages={1300--1305},
  year={2015},
  publisher={American Institute of Aeronautics and Astronautics}
}

@article{trawny2005indirect,
  title={Indirect Kalman filter for 3D attitude estimation},
  author={Trawny, Nikolas and Roumeliotis, Stergios I},
  journal={University of Minnesota, Dept. of Comp. Sci. \& Eng., Tech. Rep},
  volume={2},
  pages={2005},
  year={2005}
}

@article{eure2013application,
  title={An application of UAV attitude estimation using a low-cost inertial navigation system},
  author={Eure, Kenneth W and Quach, Cuong Chi and Vazquez, Sixto L and Hogge, Edward F and Hill, Boyd L},
    journal={NASA Technical Report},
  year={2013}
}

@article{apkarian2001continuous,
  title={Continuous-time analysis, eigenstructure assignment, and H/sub 2/synthesis with enhanced linear matrix inequalities (LMI) characterizations},
  author={Apkarian, Pierre and Tuan, Hoang Duong and Bernussou, Jacques},
  journal={IEEE Transactions on Automatic Control},
  volume={46},
  number={12},
  pages={1941--1946},
  year={2001},
  publisher={IEEE}
}

@inproceedings{michel2015comparative,
  title={A comparative analysis of attitude estimation for pedestrian navigation with smartphones},
  author={Michel, Thibaud and Fourati, Hassen and Geneves, Pierre and Laya{\"\i}da, Nabil},
  booktitle={2015 International Conference on Indoor Positioning and Indoor Navigation (IPIN)},
  pages={1--10},
  year={2015},
  organization={IEEE}
}